<record><leader>00000cas a22000007a 4500</leader><controlfield tag="001">31314505</controlfield><controlfield tag="008">941019d19461965nyuwr ne      0    0eng d</controlfield><datafield ind1=" " ind2=" " tag="010"><subfield code="a">sn 94061026 </subfield></datafield><datafield ind1=" " ind2=" " tag="040"><subfield code="a">NYS</subfield><subfield code="b">eng</subfield><subfield code="c">NYS</subfield><subfield code="d">OCLCQ</subfield><subfield code="d">OCLCF</subfield><subfield code="d">OCLCO</subfield></datafield><datafield ind1=" " ind2=" " tag="042"><subfield code="a">msc</subfield></datafield><datafield ind1=" " ind2=" " tag="043"><subfield code="a">n-us-ny</subfield></datafield><datafield ind1="0" ind2=" " tag="130"><subfield code="a">Locust Valley leader (Locust Valley, N.Y. : 1946)</subfield></datafield><datafield ind1="1" ind2="4" tag="245"><subfield code="a">The Locust Valley leader.</subfield></datafield><datafield ind1="3" ind2="0" tag="246"><subfield code="a">Leader</subfield></datafield><datafield ind1="1" ind2=" " tag="246"><subfield code="i">Includes section with title:</subfield><subfield code="a">Bayville tides</subfield><subfield code="f">Mar. 10, 1949-&lt;1964&gt;</subfield></datafield><datafield ind1=" " ind2=" " tag="260"><subfield code="a">Locust Valley, L.I. [N.Y.] :</subfield><subfield code="b">Locust Valley Pub. Co.,</subfield><subfield code="c">1946-1965.</subfield></datafield><datafield ind1=" " ind2=" " tag="300"><subfield code="a">19 v.</subfield></datafield><datafield ind1=" " ind2=" " tag="310"><subfield code="a">Weekly</subfield></datafield><datafield ind1="0" ind2=" " tag="362"><subfield code="a">Vol. 1, no. 1 (Aug. 22, 1946)-v. 19, no. 33 (Apr. 1, 1965).</subfield></datafield><datafield ind1=" " ind2=" " tag="500"><subfield code="a">Editors: Edith Hay Anderson, 1946- ; Edith Hay, &lt;1948-1950&gt;; Edith Hay Wyckoff, &lt;1954&gt;-1965.</subfield></datafield><datafield ind1=" " ind2=" " tag="500"><subfield code="a">"Official paper of Matinecock and Lattingtown," &lt;1948-1950&gt;.</subfield></datafield><datafield ind1=" " ind2=" " tag="500"><subfield code="a">"Official paper of the Village of Bayville," &lt;1963-1964&gt;.</subfield></datafield><datafield ind1=" " ind2="0" tag="651"><subfield code="a">Locust Valley (N.Y.)</subfield><subfield code="v">Newspapers.</subfield></datafield><datafield ind1=" " ind2="0" tag="651"><subfield code="a">Nassau County (N.Y.)</subfield><subfield code="v">Newspapers.</subfield></datafield><datafield ind1=" " ind2="4" tag="651"><subfield code="a">Bayville (N.Y.)</subfield><subfield code="v">Newspapers.</subfield></datafield><datafield ind1=" " ind2="4" tag="651"><subfield code="a">Matinecock (N.Y.)</subfield><subfield code="v">Newspapers.</subfield></datafield><datafield ind1=" " ind2="4" tag="651"><subfield code="a">Lattingtown (N.Y.)</subfield><subfield code="v">Newspapers.</subfield></datafield><datafield ind1=" " ind2="7" tag="655"><subfield code="a">Newspapers.</subfield><subfield code="2">fast</subfield><subfield code="0">(OCoLC)fst01423814</subfield></datafield><datafield ind1=" " ind2="7" tag="651"><subfield code="a">New York (State)</subfield><subfield code="z">Locust Valley.</subfield><subfield code="2">fast</subfield><subfield code="0">(OCoLC)fst01235747</subfield></datafield><datafield ind1=" " ind2="7" tag="651"><subfield code="a">New York (State)</subfield><subfield code="z">Nassau County.</subfield><subfield code="2">fast</subfield><subfield code="0">(OCoLC)fst01205518</subfield></datafield><datafield ind1=" " ind2=" " tag="752"><subfield code="a">United States</subfield><subfield code="b">New York</subfield><subfield code="c">Nassau</subfield><subfield code="d">Locust Valley.</subfield></datafield><datafield ind1="0" ind2="0" tag="785"><subfield code="t">Leader (Locust Valley, N.Y.)</subfield><subfield code="w">(DLC)sn 95071441</subfield><subfield code="w">(OCoLC)33427836</subfield></datafield></record>